@ARTICLE{cagniard53,
  AUTHOR =       {Louis Cagniard},
  TITLE =        {Basic Theory of the Magneto-telluric Method of Geophysical Prospecting},
  YEAR =         {1953},
  volume =       {18(3)},
  pages =        {605-635}
}