% ARTIGOS ============================================================================================
@article{tikhonov1950determining,
  title={On determining electric characteristics of the deep layers of the Earth's crust},
  author={Tikhonov, AN},
  journal={Dolk. Acad. Nauk. SSSR},
  volume={73},
  pages={295--297},
  year={1950}
}


@article{cagniard1953basic,
  title={Basic theory of the magneto-telluric method of geophysical prospecting},
  author={Cagniard, Louis},
  journal={Geophysics},
  volume={18},
  number={3},
  pages={605--635},
  year={1953},
  publisher={Society of Exploration Geophysicists}
}

@article{nyquist28,
  title={Certain topics in telegraph transmission theory},
  author={Nyquist, Harry},
  journal={Transactions of the American Institute of Electrical Engineers},
  volume={47},
  number={2},
  pages={617--644},
  year={1928},
  publisher={IEEE}
}

% =================================================================================================================




% TCC, Dissertação e teses ==============================================================================
@phdthesis{padua2004estudos,
  title={Estudos de indu{\c{c}}{\~a}o eletromagn{\'e}tica na caracteriza{\c{c}}{\~a}o de estruturas profundas sob a borda sul do cr{\'a}ton de S{\~a}o Francisco},
  author={P{\'a}dua, Marcelo Banik {de}},
  year={2004},
  school={Brasil. Minist{\'e}rio da Ci{\^e}ncia e Tecnologia. Instituto Nacional de Pesquisas Espaciais (INPE)}
}

% =================================================================================================================





% COLEÇÃO ================================================================================================
@incollection{vozoff1991magnetotelluric,
  title={The magnetotelluric method},
  author={Vozoff, Keeva},
  booktitle={Electromagnetic Methods in Applied Geophysics: Volume 2, Application, Parts A and B},
  pages={641--712},
  year={1991},
  publisher={Society of Exploration Geophysicists}
}

% =================================================================================================================

% LIVROS % =======================================================================================================
@BOOK{parkinson93,
  author =       { W. D. Parkinson},
  TITLE =        {Introduction to Geomagnetism},
  PUBLISHER =    {Scotish Academic Press},
  YEAR =         {1983},
  address =      {Edinburgh}
}

@BOOK{livro-azul,
  author =       { W. D. Parkinson},
  TITLE =        {Introduction to Geomagnetism},
  PUBLISHER =    {Scotish Academic Press},
  YEAR =         {1983},
  address =      {Edinburgh}
}

% =================================================================================================================

% SITES ===============================================================================================
@misc{mtnet,
    note =          {MTNet},
    title =         {MTnet},
    url =           {http://mtnet.info/main/index.html},
    urlaccessdate = {19 nov. 2018},
    year =          {2018}
}

% =================================================================================================================

    
